%% LaTeX2e file `shortbib.bib'
%% generated by the `filecontents' environment
%% from source `BlockTypologies-PNAS' on 2019/12/15.
%%
@article{Louf2014a,
archivePrefix = {arXiv},
author = {Louf, R{\'{e}}mi and Barthelemy, Marc},
doi = {10.1098/rsif.2014.0924},
file = {:home/kerryn/Documents/Work/PhDResearch/GeneralArticles/Louf, Barthelemy - 2014 - A typology of street patterns - J. R. Soc. Interface.pdf:pdf},
isbn = {1742-5689},
issn = {1742-5689},
journal = {J. R. Soc. Interface},
keywords = {environmental science},
pages = {1--7},
pmid = {25297318},
title = {{A typology of street patterns}},
volume = {11},
year = {2014}
}
@article{Barreto2006,
author = {Barreto, Guilherme A. and Souza, Lu{\'{i}}s Gustavo M},
doi = {10.1016/j.neunet.2006.05.005},
file = {:home/kerryn/Documents/Work/PhDResearch/GeneralArticles/Barreto, Souza - 2006 - Adaptive filtering with the self-organizing map A performance comparison - Neural Networks.pdf:pdf},
isbn = {0893-6080 (Print)
0893-6080 (Linking)},
issn = {08936080},
journal = {Neural Networks},
keywords = {Local linear mappings,Nonlinear equalization,RBF models,Self-organizing map,Vector-quantized temporal associative memory},
number = {6-7},
pages = {785--798},
pmid = {16809020},
title = {{Adaptive filtering with the self-organizing map: A performance comparison}},
volume = {19},
year = {2006}
}
@article{Kohonen1982,
author = {Kohonen, Teuvo},
doi = {10.1007/BF00337288},
file = {:home/kerryn/Documents/Work/PhDResearch/GeneralArticles/Kohonen - 1982 - Self-organized formation of topologically correct feature maps - Biological Cybernetics.pdf:pdf},
isbn = {0262010976},
issn = {03401200},
journal = {Biological Cybernetics},
number = {1},
pages = {59--69},
pmid = {1000253659},
title = {{Self-organized formation of topologically correct feature maps}},
volume = {43},
year = {1982}
}
@phdthesis{Koleheimen2004,
author = {Kolehmainen, Mikko},
file = {:home/kerryn/Documents/Work/PhDResearch/GeneralArticles/Kolehmainen - 2004 - Data exploration with self-organizing maps in environmental informatics and bioinformatics - Unknown.pdf:pdf},
isbn = {9517813058},
school = {Helsinki University of Technology},
title = {{Data exploration with self-organizing maps in environmental informatics and bioinformatics}},
type = {PhD},
year = {2004}
}
@misc{Oracle2018,
author = {Oracle},
howpublished = {https://docs.oracle.com/javase/8/docs/index.html},
title = {{Java Platform Standard Edition 8 Documentation}},
year = {2018}
}
@article{Sturges1926,
author = {Sturges, Herbert A},
doi = {10.1080/01621459.1926.10502161},
file = {:home/kerryn/Documents/Work/PhDResearch/GeneralArticles/Sturges - 1926 - The Choice of a Class Interval - Journal of the American Statistical Association.pdf:pdf},
journal = {Journal of the American Statistical Association},
number = {153},
pages = {65--66},
title = {{The Choice of a Class Interval}},
volume = {21},
year = {1926}
}
@misc{GoogleStatic2017,
abstract = {Google, 2014. Google Street View Image API, Available from: https://developers. google.com/maps/documentation/streetview/ (accessed October 2014).},
author = {{Google Maps}},
howpublished = {(accessed 15 June 2017)},
title = {{Google Static Maps API, Available from https://developers.google.com/maps/documentation/static-maps}},
year = {2017}
}
@article{Sinnott1984,
author = {Sinnott, RW},
file = {:home/kerryn/Documents/Work/PhDResearch/GeneralArticles/Sinnott - 1984 - Virtues of the Haversine - Sky {\&} Telescope.pdf:pdf},
journal = {Sky {\&} Telescope},
pages = {159},
title = {{Virtues of the Haversine}},
volume = {68},
year = {1984}
}
@book{Barthelemy2016,
author = {Barthelemy, Marc},
doi = {10.1017/9781316271377},
file = {:home/kerryn/Documents/Work/PhDResearch/GeneralArticles/Barthelemy - 2016 - The Structure and Dynamics of Cities Urban Data Analysis and Theoretical Modeling - Unknown.pdf:pdf},
isbn = {9781316271377},
pages = {278},
publisher = {Cambridge University Press},
title = {{The Structure and Dynamics of Cities: Urban Data Analysis and Theoretical Modeling}},
year = {2016}
}
@misc{UN2014,
abstract = {United Nations, Department of Economic and Social Affairs, Population Division (2014). World Urbanization Prospects: The 2014 Revision, CD-ROM Edition},
author = {{United Nations}},
publisher = {https://esa.un.org/unpd/wup/},
title = {{Department of Economic and Social Affairs, Population Division, World Urbanization Prospects: The 2014 Revision, CD-ROM Edition}},
year = {2014}
}
@book{Lynch1981,
address = {Cambridge, MA},
author = {Lynch, Kevin},
isbn = {9780262620468},
pages = {514},
publisher = {MIT Press},
title = {{Good City Form}},
year = {1984}
}
@book{Mouden1988,
address = {Cambridge, MA},
author = {Moudon, Anne Vernez},
pages = {288},
publisher = {MIT Press},
title = {{Built for change}},
year = {1986}
}
@book{Allain2004,
address = {Paris},
author = {Allain, R{\'{e}}my},
publisher = {Armand Colin},
title = {{Morphologie urbaine}},
year = {2004}
}
@book{Castex1980,
address = {Paris},
author = {Castex, J. and Depaule, J-C. and Panerai, P.},
publisher = {Dunod},
title = {{Formes urbaines: De l'{\^{i}}lot {\`{a}} la barre}},
year = {1980}
}
@book{Caniggi1979,
address = {Venice},
author = {Caniggia, G. and Maffei, G. L.},
publisher = {Marsilio},
title = {{Composizione architettonica e tipologia edilizia 1: lettura dell'edilizia di base}},
year = {1979}
}
@book{Conzen1960,
address = {London},
author = {Conzen, M. R. G.},
file = {:home/kerryn/Documents/Work/PhDResearch/GeneralArticles/Conzen - 1960 - Alnwick, Northumberland A Study in Town-Plan Analysis - Unknown.pdf:pdf},
pages = {122},
publisher = {Orge Philip {\&} Son},
title = {{Alnwick, Northumberland: A Study in Town-Plan Analysis}},
year = {1960}
}
@article{Kropf2014,
author = {Kropf, Karl},
file = {:home/kerryn/Documents/Work/PhDResearch/GeneralArticles/Kropf - 2014 - Ambiguity in the definition of built form - Urban Morphology.pdf:pdf},
journal = {Urban Morphology},
keywords = {abstraction,buildings,environment as a whole,hierarchy,however simple and concrete,is both diverse and,might be,of a particular place,plots,streets,the built,the experience,typology},
number = {1},
pages = {41--57},
title = {{Ambiguity in the definition of built form}},
volume = {18},
year = {2014}
}
@inproceedings{Steiger2015,
author = {Steiger, M. and Bernard, J. and Thum, S. and Mittelst{\"{a}}dt, S. and Hutter, M. and Keim, D. and Kohlhammer, J.},
booktitle = {WSCG 2015 Conference on Computer Graphics, Visualization and Computer Vision},
doi = {10.1016/S0378-4347(99)00243-1},
file = {:home/kerryn/Documents/Work/PhDResearch/GeneralArticles/Steiger et al. - 2015 - Explorative Analysis of 2D Color Maps - WSCG 2015 Conference on Computer Graphics, Visualization and Computer Vi.pdf:pdf},
isbn = {9788086943657},
keywords = {color maps,explorative analysis},
pages = {151--160},
title = {{Explorative Analysis of 2D Color Maps}},
year = {2015}
}
@misc{Jackle2017,
author = {J{\"{a}}ckle, Dominik},
title = {{Color2D, available at https://github.com/dominikjaeckle/Color2D}},
year = {2017}
}
@misc{QGIS2009,
author = {{QGIS Development Team}},
title = {{QGIS Geographic Information System. Open Source Geospatial Foundation. URL http://qgis.osgeo.org}},
year = {2009}
}
@article{Giles-Corti2016,
author = {Giles-Corti, Billie and Vernez-Moudon, Anne and Reis, Rodrigo and Turrell, Gavin and Dannenberg, Andrew L and Badland, Hannah and Foster, Sarah and Lowe, Melanie and Sallis, James F and Stevenson, Mark and Owen, Neville},
doi = {10.1016/S0140-6736(16)30066-6},
file = {:home/kerryn/Documents/Work/PhDResearch/GeneralArticles/Giles-corti et al. - 2016 - Urban design, transport, and health 1 City planning and population health a global challenge - The Lancet.pdf:pdf},
issn = {0140-6736},
journal = {The Lancet},
number = {16},
pages = {1--13},
publisher = {Elsevier Ltd},
title = {{Urban design, transport, and health 1 City planning and population health: a global challenge}},
volume = {6736},
year = {2016}
}
@article{Kleinert2016,
author = {Kleinert, Sabine and Horton, Richard},
file = {:home/kerryn/Documents/Work/PhDResearch/GeneralArticles/Kleinert, Horton - 2016 - Urban design an important future force for health and wellbeing - The Lancet.pdf:pdf},
journal = {The Lancet},
number = {16},
pages = {1--11},
title = {{Urban design: an important future force for health and wellbeing}},
volume = {6736},
year = {2016}
}
@article{Goenka2016,
author = {Goenka, Shifalika and Andersen, Lars Bo},
doi = {10.1016/S0140-6736(16)31580-X},
file = {:home/kerryn/Documents/Work/PhDResearch/GeneralArticles/Goenka, Andersen - 2016 - Urban design and transport to promote healthy lives - The Lancet.pdf:pdf},
issn = {0140-6736},
journal = {The Lancet},
number = {16},
pages = {8--10},
publisher = {Elsevier Ltd},
title = {{Urban design and transport to promote healthy lives}},
volume = {6736},
year = {2016}
}
@article{Zapata-Diomedi2017,
author = {Zapata-Diomedi, Belen and Knibbs, Luke D. and Ware, Robert S. and Heesch, Kristiann C. and Tainio, Marko and Woodcock, James and Veerman, J. Lennert},
doi = {10.1371/journal.pone.0184799},
file = {:home/kerryn/Documents/Work/PhDResearch/GeneralArticles/Zapata-Diomedi et al. - 2017 - A shift from motorised travel to active transport What are the potential health gains for an Australian c.pdf:pdf},
isbn = {1111111111},
issn = {19326203},
journal = {PLoS ONE},
number = {10},
pages = {1--21},
pmid = {29020093},
title = {{A shift from motorised travel to active transport: What are the potential health gains for an Australian city?}},
volume = {12},
year = {2017}
}
@article{Heesch2014,
author = {Heesch, Kristiann C and Giles-Corti, Billie and Turrell, Gavin},
file = {:home/kerryn/Documents/Work/PhDResearch/GeneralArticles/Heesch, Giles-Corti, Turrell - 2014 - Cycling for transport and recreation Associations with socio-economic position, environmental perc.pdf:pdf},
isbn = {0091-7435},
journal = {Preventive Medicine},
keywords = {*cycling,*environmental factor,*perception,*procedures,*psychological aspect,*psychology,*recreation,*social status,*traffic and transport,Australia,adult,aged,article,comparative study,cross-sectional study,cycling,employment,female,human,income,longitudinal study,male,middle aged,motor vehicle,neighborhood,parttime employment,priority journal,recreation,sedentary lifestyle,socioeconomics,traffic and transport,walking},
pages = {29--35},
title = {{Cycling for transport and recreation: Associations with socio-economic position, environmental perceptions, and psychological disposition}},
volume = {63},
year = {2014}
}
@article{Daley2011,
author = {Daley, Michelle and Rissel, Chris},
doi = {10.1016/j.tranpol.2010.08.004},
file = {:home/kerryn/Documents/Work/PhDResearch/GeneralArticles/Daley, Rissel - 2011 - Perspectives and images of cycling as a barrier or facilitator of cycling - Transport Policy.pdf:pdf},
isbn = {0967070X},
issn = {0967070X},
journal = {Transport Policy},
keywords = {Cycling,Physical activity,Qualitative research},
number = {1},
pages = {211--216},
pmid = {55210552},
publisher = {Elsevier},
title = {{Perspectives and images of cycling as a barrier or facilitator of cycling}},
volume = {18},
year = {2011}
}
@article{Cepeda2016,
author = {Cepeda, Magda and Schoufour, Josje and Freak-poli, Rosanne and Koolhaas, Chantal M and Dhana, Klodian and Bramer, Wichor M and Franco, Oscar H},
doi = {10.1016/S2468-2667(16)30021-4},
file = {:home/kerryn/Documents/Work/PhDResearch/GeneralArticles/Cepeda et al. - 2016 - Levels of ambient air pollution according to mode of transport a systematic review - Lancet Public Health.pdf:pdf},
issn = {2468-2667},
journal = {Lancet Public Health},
number = {1},
pages = {e23--e34},
publisher = {The Author(s). Published by Elsevier Ltd. This is an Open Access article under the CC BY-NC-ND license},
title = {{Levels of ambient air pollution according to mode of transport: a systematic review}},
volume = {2},
year = {2016}
}
@article{MingWen2008,
author = {{Ming Wen}, Li and Rissel, Chris},
doi = {10.1016/j.ypmed.2007.08.009},
file = {:home/kerryn/Documents/Work/PhDResearch/GeneralArticles/Ming Wen, Rissel - 2008 - Inverse associations between cycling to work, public transport, and overweight and obesity Findings from a pop.pdf:pdf},
isbn = {0091-7435 (Print)$\backslash$n0091-7435},
issn = {00917435},
journal = {Preventive Medicine},
keywords = {Active transport,Cycling,Overweight and obesity,Population survey},
number = {1},
pages = {29--32},
pmid = {17904210},
title = {{Inverse associations between cycling to work, public transport, and overweight and obesity: Findings from a population based study in Australia}},
volume = {46},
year = {2008}
}
@article{Norman2006,
author = {Norman, Jonathan and MacLean, Heather L and Kennedy, Christopher A},
file = {:home/kerryn/Documents/Work/PhDResearch/GeneralArticles/Norman, MacLean, Kennedy - 2006 - Comparing High and Low Residential Density Life-Cycle Analysis of Energy Use and Greenhouse Gas Emiss.pdf:pdf},
journal = {Journal of Urban Planning and Development},
number = {March},
pages = {10--21},
title = {{Comparing High and Low Residential Density: Life-Cycle Analysis of Energy Use and Greenhouse Gas Emissions}},
year = {2006}
}
@article{Thompson2018b,
author = {Thompson, J and Stevenson, M and Wijnands, J and Nice, KA and Aschwanden, GDPA and Silver, J and Nieuwenhuijsen, M.},
journal = {In-preparation},
title = {{Linking derived city typologies and health; A new global perspective}},
year = {2018}
}
@article{Harris1943,
author = {Harris, Chauncy D.},
file = {:home/kerryn/Documents/Work/PhDResearch/GeneralArticles/Harris - 1943 - A Functional Classification of Cities in the United States - Geographical Review.pdf:pdf},
journal = {Geographical Review},
number = {1},
pages = {86--99},
title = {{A Functional Classification of Cities in the United States}},
volume = {33},
year = {1943}
}
@article{Nelson1955,
author = {Nelson, Howard J.},
file = {:home/kerryn/Documents/Work/PhDResearch/GeneralArticles/Nelson - 1955 - A Service Classification of American Cities - Economic Geography.pdf:pdf},
journal = {Economic Geography},
number = {3},
pages = {189--210},
title = {{A Service Classification of American Cities}},
volume = {31},
year = {1955}
}
@article{Bruce1971,
author = {Bruce, Grady D and Witt, Robert E},
file = {:home/kerryn/Documents/Work/PhDResearch/GeneralArticles/Bruce, Witt - 1971 - Developing Empirically Derived City Typologies An Application of Cluster Analysis - The Sociological Quarterly.pdf:pdf},
journal = {The Sociological Quarterly},
pages = {238--246},
title = {{Developing Empirically Derived City Typologies: An Application of Cluster Analysis}},
volume = {12},
year = {1971}
}
@book{Hillier1996,
author = {Hillier, Bill},
doi = {10.1016/S0142-694X(97)89854-7},
file = {:home/kerryn/Documents/Work/PhDResearch/GeneralArticles/Hilier - 1996 - Space is the machine - Unknown.pdf:pdf},
isbn = {9780955622403},
issn = {0142694X},
pmid = {12459547},
publisher = {Cambridge University Press},
title = {{Space is the machine}},
year = {1996}
}
@article{Zhang2013,
author = {Zhang, Qian and Seto, Karen C.},
doi = {10.3390/rs5073476},
file = {:home/kerryn/Documents/Work/PhDResearch/GeneralArticles/Zhang, Seto - 2013 - Can Night-Time Light Data Identify Typologies of Urbanization A Global Assessment of Successes and Failures - Remot.pdf:pdf},
isbn = {2072-4292},
issn = {20724292},
journal = {Remote Sensing},
keywords = {Accuracy assessment,DMSP/OLS,Urban growth,Urbanization},
number = {7},
pages = {3476--3494},
title = {{Can night-time light data identify typologies of urbanization? A global assessment of successes and failures}},
volume = {5},
year = {2013}
}
@article{Hermosilla2014,
author = {Hermosilla, Txomin and Palomar-V{\'{a}}zquez, Jes{\'{u}}s and Balaguer-Beser, {\'{A}}ngel and Balsa-Barreiro, Jos{\'{e}} and Ruiz, Luis A.},
doi = {10.1016/j.compenvurbsys.2013.12.002},
file = {:home/kerryn/Documents/Work/PhDResearch/GeneralArticles/Hermosilla et al. - 2014 - Using street based metrics to characterize urban typologies - Computers, Environment and Urban Systems.pdf:pdf},
isbn = {0198-9715},
issn = {01989715},
journal = {Computers, Environment and Urban Systems},
keywords = {Classification,High-resolution imagery,LiDAR,Remote sensing,Urban metrics,Urban morphology},
pages = {68--79},
publisher = {Elsevier Ltd},
title = {{Using street based metrics to characterize urban typologies}},
volume = {44},
year = {2014}
}
@article{Liu2016,
author = {Liu, Liu and Zhou, Bolei and Zhao, Jinhua and Ryan, Brent D.},
doi = {10.1007/s10708-016-9739-6},
file = {:home/kerryn/Documents/Work/PhDResearch/GeneralArticles/Liu et al. - 2016 - C-IMAGE city cognitive mapping through geo-tagged photos - GeoJournal.pdf:pdf},
isbn = {0343-2521},
issn = {15729893},
journal = {GeoJournal},
keywords = {City image,Cognitive mapping,Geo-tagged photos,Urban computing},
number = {6},
pages = {817--861},
publisher = {Springer Netherlands},
title = {{C-IMAGE: city cognitive mapping through geo-tagged photos}},
volume = {81},
year = {2016}
}
@incollection{Zhou2014a,
author = {Zhou, Bolei and Liu, Liu and Oliva, Aude and Torralba, Antonio},
booktitle = {Computer Vision – ECCV 2014. ECCV 2014. Lecture Notes in Computer Science},
doi = {10.1007/978-3-319-10578-9_34},
editor = {Fleet, D. and Pajdla, T. and Schiele, B. and Tuytelaars, T.},
file = {:home/kerryn/Documents/Work/PhDResearch/GeneralArticles/Zhou et al. - 2014 - Recognizing city identity via attribute analysis of geo-tagged images - Computer Vision – ECCV 2014. ECCV 2014. L.pdf:pdf},
isbn = {9783319105772},
issn = {16113349},
keywords = {Geo-tagged image analysis,attribute,city identity,spatial analysis,urban planning},
pages = {519--534},
publisher = {Springer, Cham},
title = {{Recognizing city identity via attribute analysis of geo-tagged images}},
volume = {8691},
year = {2014}
}
@article{Dubey2016,
archivePrefix = {arXiv},
author = {Dubey, Abhimanyu and Naik, Nikhil and Parikh, Devi and Raskar, Ramesh and Hidalgo, C{\'{e}}sar A.},
doi = {10.1007/978-3-319-46448-0_12},
file = {:home/kerryn/Documents/Work/PhDResearch/GeneralArticles/Dubey et al. - 2016 - Deep learning the city Quantifying urban perception at a global scale - Lecture Notes in Computer Science (includi.pdf:pdf},
isbn = {9783319464473},
issn = {16113349},
journal = {Lecture Notes in Computer Science (including subseries Lecture Notes in Artificial Intelligence and Lecture Notes in Bioinformatics)},
keywords = {Attributes,Crowdsourcing,Perception,Street view},
pages = {196--212},
pmid = {4520227},
title = {{Deep learning the city: Quantifying urban perception at a global scale}},
volume = {9905 LNCS},
year = {2016}
}
@inproceedings{Naik2014,
author = {Naik, Nikhil and Philipoom, Jade and Raskar, Ramesh and Hidalgo, Cesar},
booktitle = {Proceedings of the 2014 IEEE Conference on Computer Vision and Pattern Recognition Workshops},
doi = {10.1109/CVPRW.2014.121},
file = {:home/kerryn/Documents/Work/PhDResearch/GeneralArticles/Naik et al. - 2014 - Streetscore -- Predicting the Perceived Safety of One Million Streetscapes - Proceedings of the 2014 IEEE Conferenc.pdf:pdf},
isbn = {9781479943098},
issn = {21607516},
keywords = {internet vision,trueskill,urban computing,urban planning,visual analysis beyond semantics},
pages = {793--799},
title = {{Streetscore -- Predicting the Perceived Safety of One Million Streetscapes}},
year = {2014}
}
@article{Salesses2013,
author = {Salesses, Philip and Schechtner, Katja and Hidalgo, C{\'{e}}sar A.},
doi = {10.1371/journal.pone.0068400},
isbn = {1932-6203},
issn = {19326203},
journal = {PLoS ONE},
number = {7},
pmid = {23894301},
title = {{The Collaborative Image of The City: Mapping the Inequality of Urban Perception}},
volume = {8},
year = {2013}
}
@article{Doersch2012,
author = {Doersch, Carl and Singh, Saurabh and Gupta, Abhinav and Sivic, Josef and Efros, Alexei},
file = {:home/kerryn/Documents/Work/PhDResearch/GeneralArticles/Doersch et al. - 2014 - What Makes Paris Look like Paris - ACM Transactions on Graphics, Association for Computing Machinery.pdf:pdf},
journal = {ACM Transactions on Graphics, Association for Computing Machinery},
keywords = {big,computational geography,data,data mining,reference art,visual perception,visual summarization},
number = {4},
title = {{What Makes Paris Look like Paris?}},
volume = {31},
year = {2012}
}
@article{Anholt2006,
author = {Anholt, Simon},
journal = {Place Branding},
number = {1},
pages = {18--31},
title = {{The Anholt-GMI City Brands Index: How the world sees the world's cities}},
volume = {2},
year = {2006}
}
@article{Williams2010,
address = {Melbourne},
author = {Williams, Ruth},
journal = {The Age},
month = {may},
pages = {Online},
title = {{'Tower plans cast shadow over Collins Street's 'Paris end''}},
volume = {May 10},
year = {2010}
}
@article{Wilden2013,
author = {Wilden, Necia},
journal = {The Australian},
pages = {Online},
title = {{'France-Soir: A bite of Paris on the Yarra'}},
volume = {December 2},
year = {2013}
}
@book{Hillier1989,
address = {Cambridge},
author = {Hillier, Bill and Hanson, Julienne},
pages = {296},
pmid = {6574547},
publisher = {Cambridge University Press},
title = {{The Social Logic of Space}},
year = {1989}
}
@book{Southworth2013,
author = {Southworth, Michael and Ben-Joseph, Eran},
pages = {208},
publisher = {Island Press},
title = {{Streets and the shaping of towns and cities}},
year = {2003}
}
@misc{GoogleArchive2011,
author = {{Google Code Archive}},
title = {convex-hull, available at https://code.google.com/archive/p/convex-hull/},
year = {2011}
}
@misc{Javagl2017,
author = {Javagl},
title = {{Geom: Utility classes for geometry computations, available at https://github.com/javagl/Geom}},
year = {2017}
}
@article{Suchard2018,
author = {Suchard, Marc A and Lemey, Philippe and Baele, Guy and Ayres, Daniel L and Drummond, Alexei J and Rambaut, Andrew},
doi = {10.1093/ve/vey016},
isbn = {0000000328265},
journal = {Virus Evolution},
keywords = {bayesian inference,markov chain monte carlo,phylodynamics,phylogenetics},
number = {1},
pages = {1--5},
title = {{Bayesian phylogenetic and phylodynamic data integration using BEAST 1.10}},
volume = {4},
year = {2018}
}
@incollection{Wegener1986,
address = {Amsterdam: North Holland},
author = {Wegener, Michael and Gnad, Friedrich and Vannahme, Michael},
booktitle = {Advances in Urban Systems Modelling},
editor = {Hutchinson, B. and Batty, M.},
file = {:home/kerryn/Documents/Work/PhDResearch/GeneralArticles/Wegener, Gnad, Vannahme - 1986 - The Time Scale of Urban Change - Advances in Urban Systems Modelling.pdf:pdf},
pages = {175--197},
publisher = {Spiekermann-Wegener},
title = {{The Time Scale of Urban Change}},
year = {1986}
}
@article{Porta2006a,
archivePrefix = {arXiv},
arxivId = {physics/0506009},
author = {Porta, Sergio and Crucitti, Paolo and Latora, Vito},
doi = {10.1068/b32045},
eprint = {0506009},
file = {:home/kerryn/Documents/Work/PhDResearch/GeneralArticles/Porta, Crucitti, Latora - 2006 - The network analysis of urban streets a primal approach - Environment and Planning B.pdf:pdf},
isbn = {0265-8135},
issn = {02658135},
journal = {Environment and Planning B: Planning and Design},
number = {5},
pages = {705--725},
primaryClass = {physics},
title = {{The network analysis of urban streets: A primal approach}},
volume = {33},
year = {2006}
}
@article{Strano2012,
archivePrefix = {arXiv},
arxivId = {1203.0300},
author = {Strano, Emanuele and Nicosia, Vincenzo and Latora, Vito and Porta, Sergio and Barth{\'{e}}lemy, Marc},
doi = {10.1038/srep00296},
eprint = {1203.0300},
file = {:home/kerryn/Documents/Work/PhDResearch/GeneralArticles/Strano et al. - 2012 - Elementary processes governing the evolution of road networks – Supplementary Information - Scientific Reports.pdf:pdf},
isbn = {2045-2322},
issn = {20452322},
journal = {Scientific Reports},
pmid = {22389765},
title = {{Elementary processes governing the evolution of road networks}},
volume = {2},
year = {2012}
}
@book{Jacobs1961,
address = {New York},
author = {Jacobs, Jane},
file = {:home/kerryn/Documents/Work/PhDResearch/GeneralArticles/Jacobs - 1961 - The Death and Life of Great American Cities - Unknown.pdf:pdf},
publisher = {Vintage Books},
title = {{The Death and Life of Great American Cities}},
year = {1962}
}
@article{Courtat2011,
archivePrefix = {arXiv},
arxivId = {arXiv:1010.1762v2},
author = {Courtat, Thomas and Gloaguen, Catherine and Douady, Stephane},
doi = {10.1103/PhysRevE.83.036106},
eprint = {arXiv:1010.1762v2},
file = {:home/kerryn/Documents/Work/PhDResearch/GeneralArticles/Courtat, Gloaguen, Douady - 2011 - Mathematics and morphogenesis of cities A geometrical approach - Physical Review E.pdf:pdf},
isbn = {1539-3755},
issn = {15393755},
journal = {Physical Review E - Statistical, Nonlinear, and Soft Matter Physics},
number = {3},
pages = {38--40},
pmid = {21517557},
title = {{Mathematics and morphogenesis of cities: A geometrical approach}},
volume = {83},
year = {2011}
}
@article{Cardillo2006,
archivePrefix = {arXiv},
arxivId = {physics/0510162},
author = {Cardillo, Alessio and Scellato, Salvatore and Latora, Vito and Porta, Sergio},
doi = {10.1103/PhysRevE.73.066107},
eprint = {0510162},
file = {:home/kerryn/Documents/Work/PhDResearch/GeneralArticles/Cardillo et al. - 2006 - Structural properties of planar graphs of urban street patterns - Physical Review E.pdf:pdf},
isbn = {1539-3755},
issn = {15393755},
journal = {Physical Review E - Statistical, Nonlinear, and Soft Matter Physics},
number = {6},
pages = {1--8},
pmid = {16906914},
primaryClass = {physics},
title = {{Structural properties of planar graphs of urban street patterns}},
volume = {73},
year = {2006}
}
@article{Fialkowski2008,
author = {Fialkowski, Marcin and Bitner, Agnieszka},
doi = {10.1007/s10980-008-9268-x},
file = {:home/kerryn/Documents/Work/PhDResearch/GeneralArticles/Fialkowski, Bitner - 2008 - Universal rules for fragmentation of land by humans - Landscape Ecol.pdf:pdf},
isbn = {0921-2973},
issn = {09212973},
journal = {Landscape Ecology},
keywords = {Land fragmentation,Land parcels,Morphology,Patterns,Scaling laws,Urbanization process},
number = {9},
pages = {1013--1022},
title = {{Universal rules for fragmentation of land by humans}},
volume = {23},
year = {2008}
}
@misc{Badalge2018,
author = {Badalge, Keshia and Fairchild, Cullen},
booktitle = {The National Interest},
file = {:home/kerryn/Documents/Work/PhDResearch/GeneralArticles/Badalge, Fairchild - 2018 - One Thing North Korea Has That the South Doesn't Google Maps - The National Interest.pdf:pdf},
title = {{One Thing North Korea Has That the South Doesn't: Google Maps}},
url = {https://nationalinterest.org/blog/the-buzz/one-thing-north-korea-has-the-south-doesnt-google-maps-24650},
year = {2018}
}
@techreport{UNDESA2019,
author = {UNDESA},
file = {:home/kerryn/Documents/Work/PhDResearch/GeneralArticles/WUP2018-Highlights.pdf:pdf},
isbn = {9789211483185},
title = {{World Urbanization Prospects 2018}},
url = {https://population.un.org/wup/Publications/},
year = {2019}
}

@article{Raymer2018,
author = {Raymer, James and Baffour, Bernard},
doi = {10.1007/s11113-018-9482-4},
file = {:home/kerryn/Documents/Work/PhDResearch/GeneralArticles/Raymer, Baffour - 2018 - Subsequent Migration of Immigrants Within Australia, 1981–2016 - Population Research and Policy Review.pdf:pdf},
isbn = {0123456789},
issn = {1573-7829},
journal = {Population Research and Policy Review},
keywords = {Australia,Foreign-born,Immigrants,Internal migration,australia,foreign-born,immigrants,internal migration},
publisher = {Springer Netherlands},
title = {{Subsequent Migration of Immigrants Within Australia, 1981–2016}},
url = {https://doi.org/10.1007/s11113-018-9482-4},
year = {2018}
}
@article{Frank2000,
author = {Frank, Lawrence D.},
file = {:home/kerryn/Documents/Work/PhDResearch/GeneralArticles/Frank - 2000 - Land Use and Transportation Interaction Implications on Public Health and Quality of Life - Journal of Planning Education.pdf:pdf},
journal = {Journal of Planning Education and Research},
keywords = {Bicycling,Connectivity,Fatalities,Health,Land use,Mixed use development,Motor Vehicles,Physical Fitness,Physical condition,Population Density,Public Health,Quality of Life,Travel patterns,Walking},
number = {1},
pages = {6--22},
title = {{Land Use and Transportation Interaction: Implications on Public Health and Quality of Life}},
volume = {20},
year = {2000}
}
@article{Kuhnert2006,
author = {K{\"{u}}hnert, Christian and Helbing, Dirk and West, Geoffrey B.},
doi = {10.1016/j.physa.2006.01.058},
file = {:home/kerryn/Documents/Work/PhDResearch/GeneralArticles/K{\"{u}}hnert, Helbing, West - 2006 - Scaling laws in urban supply networks - Physica A Statistical Mechanics and its Applications.pdf:pdf},
isbn = {0378-4371},
issn = {03784371},
journal = {Physica A: Statistical Mechanics and its Applications},
keywords = {Power law,Scaling,Supply network,Urban agglomerations},
number = {1},
pages = {96--103},
title = {{Scaling laws in urban supply networks}},
url = {https://www.sciencedirect.com/science/article/pii/S037843710600094X},
volume = {363},
year = {2006}
}
@article{Lobo2013,
author = {Lobo, Jos{\'{e}} and Bettencourt, Lu{\'{i}}s M.A. and Strumsky, Deborah and West, Geoffrey B.},
doi = {10.1371/journal.pone.0058407},
file = {:home/kerryn/Documents/Work/PhDResearch/GeneralArticles/Lobo et al. - 2013 - Urban Scaling and the Production Function for Cities - PLoS ONE.PDF:PDF},
isbn = {1932-6203},
issn = {19326203},
journal = {PLoS ONE},
number = {3},
pmid = {23544042},
title = {{Urban Scaling and the Production Function for Cities}},
url = {https://journals.plos.org/plosone/article?id=10.1371/journal.pone.0058407},
volume = {8},
year = {2013}
}
@article{Bettencourt2007,
archivePrefix = {arXiv},
arxivId = {arXiv:1011.1669v3},
author = {Bettencourt, L. M. A. and Lobo, J. and Helbing, D. and Kuhnert, C. and West, G. B.},
doi = {10.1073/pnas.0610172104},
eprint = {arXiv:1011.1669v3},
file = {:home/kerryn/Documents/Work/PhDResearch/GeneralArticles/Bettencourt et al. - 2007 - Growth, innovation, scaling, and the pace of life in cities - Proceedings of the National Academy of Science.pdf:pdf},
isbn = {0027-8424},
issn = {0027-8424},
journal = {Proceedings of the National Academy of Sciences},
number = {17},
pages = {7301--7306},
pmid = {17438298},
title = {{Growth, innovation, scaling, and the pace of life in cities}},
url = {http://www.pnas.org/cgi/doi/10.1073/pnas.0610172104},
volume = {104},
year = {2007}
}
@article{Stevenson2016,
author = {Stevenson, Mark and Thompson, Jason and S{\'{a}}, Thiago H{\'{e}}rick De and Ewing, Reid and Mohan, Dinesh and Mcclure, Rod and Roberts, Ian and Tiwari, Geetam and Giles-Corti, Billie and Sun, Xiaoduan and Wallace, Mark and Woodcock, James},
doi = {10.1016/S0140-6736(16)30067-8},
file = {:home/kerryn/Documents/Work/PhDResearch/GeneralArticles/Stevenson et al. - 2016 - Land use, transport, and population health estimating the health benefits of compact cities - The Lancet.pdf:pdf},
journal = {The Lancet},
number = {16},
pages = {1--11},
title = {{Land use, transport, and population health: estimating the health benefits of compact cities}},
url = {http://www.thelancet.com/journals/lancet/article/PIIS0140-6736(16)30067-8/abstract},
volume = {6736},
year = {2016}
}
@article{Sallis2016,
author = {Sallis, James F and Bull, Fiona and Burdett, Ricky and Frank, Lawrence D and Griffi, Peter and Giles-Corti, Billie and Stevenson, Mark},
doi = {10.1016/S0140-6736(16)30068-X},
file = {:home/kerryn/Documents/Work/PhDResearch/GeneralArticles/Sallis et al. - 2016 - Use of science to guide city planning policy and practice how to achieve healthy and sustainable future cities -.pdf:pdf},
issn = {0140-6736},
journal = {The Lancet},
number = {16},
pages = {1--11},
publisher = {Elsevier Ltd},
title = {{Use of science to guide city planning policy and practice: how to achieve healthy and sustainable future cities}},
url = {http://dx.doi.org/10.1016/S0140-6736(16)30068-X},
volume = {6736},
year = {2016}
}
@article{Landrigan2017,
author = {Landrigan, Philip J. and Fuller, Richard and Acosta, Nereus J.R. and Adeyi, Olusoji and Arnold, Robert and Basu, Niladri and Bald{\'{e}}, Abdoulaye Bibi and Bertollini, Roberto and Bose-O'Reilly, Stephan and Boufford, Jo Ivey and Breysse, Patrick N. and Chiles, Thomas and Mahidol, Chulabhorn and Coll-Seck, Awa M. and Cropper, Maureen L. and Fobil, Julius and Fuster, Valentin and Greenstone, Michael and Haines, Andy and Hanrahan, David and Hunter, David and Khare, Mukesh and Krupnick, Alan and Lanphear, Bruce and Lohani, Bindu and Martin, Keith and Mathiasen, Karen V. and McTeer, Maureen A. and Murray, Christopher J.L. and Ndahimananjara, Johanita D. and Perera, Frederica and Poto{\v{c}}nik, Janez and Preker, Alexander S. and Ramesh, Jairam and Rockstr{\"{o}}m, Johan and Salinas, Carlos and Samson, Leona D. and Sandilya, Karti and Sly, Peter D. and Smith, Kirk R. and Steiner, Achim and Stewart, Richard B. and Suk, William A. and van Schayck, Onno C.P. and Yadama, Gautam N. and Yumkella, Kandeh and Zhong, Ma},
doi = {10.1016/S0140-6736(17)32345-0},
file = {:home/kerryn/Documents/Work/PhDResearch/GeneralArticles/Landrigan et al. - 2017 - The Lancet Commission on pollution and health - The Lancet.pdf:pdf},
issn = {1474547X},
journal = {The Lancet},
number = {17},
pmid = {29056410},
title = {{The Lancet Commission on pollution and health}},
volume = {6736},
year = {2017}
}
@article{Bettencourt2010,
abstract = {It is time for a science of how city growth affects society and environment, say Luis Bettencourt and Geoffrey West.},
archivePrefix = {arXiv},
arxivId = {hep-th/0610136v3},
author = {Bettencourt, L. M. A. and West, Geoffrey},
doi = {10.1038/467912a},
eprint = {0610136v3},
file = {:home/kerryn/Documents/Work/PhDResearch/GeneralArticles/Bettencourt, West - 2010 - A unified theory of urban living - Nature.pdf:pdf},
isbn = {0028-0836},
issn = {0028-0836},
journal = {Nature},
number = {7318},
pages = {912--913},
pmid = {20962823},
primaryClass = {hep-th},
title = {{A unified theory of urban living}},
url = {https://www.nature.com/articles/467912a},
volume = {467},
year = {2010}
}
@article{Coutts2012,
author = {Coutts, A. M. and Tapper, N. J. and Beringer, J. and Loughnan, M. and Demuzere, M.},
doi = {10.1177/0309133312461032},
file = {:home/kerryn/Documents/Work/PhDResearch/GeneralArticles/Coutts et al. - 2012 - Watering our Cities The capacity for Water Sensitive Urban Design to support urban cooling and improve human thermal comfort in the Australian context - Progress in Physical Geography.pdf:pdf},
issn = {0309-1333},
journal = {Progress in Physical Geography},
number = {1},
pages = {2--28},
title = {{Watering our Cities: The capacity for Water Sensitive Urban Design to support urban cooling and improve human thermal comfort in the Australian context}},
url = {http://ppg.sagepub.com/cgi/doi/10.1177/0309133312461032},
volume = {37},
year = {2012}
}
@article{Bowler2010,
author = {Bowler, Diana E. and Buyung-Ali, Lisette and Knight, Teri M. and Pullin, Andrew S.},
doi = {10.1016/j.landurbplan.2010.05.006},
file = {:home/kerryn/Documents/Work/PhDResearch/GeneralArticles/Bowler et al. - 2010 - Urban greening to cool towns and cities A systematic review of the empirical evidence - Landscape and Urban Planning.pdf:pdf},
issn = {01692046},
journal = {Landscape and Urban Planning},
number = {3},
pages = {147--155},
publisher = {Elsevier B.V.},
title = {{Urban greening to cool towns and cities: A systematic review of the empirical evidence}},
volume = {97},
year = {2010}
}
@article{Vlahov2002,
author = {Vlahov, David and Galea, Sandro},
file = {:home/kerryn/Documents/Work/PhDResearch/GeneralArticles/Vlahov, Galea - 2002 - Urbanization, Urbanicity, and Health - Journal of Urban Health Bulletin of the New York Academy of Medicine.pdf:pdf},
journal = {Journal of Urban Health: Bulletin of the New York Academy of Medicine},
number = {4},
pages = {1--12},
title = {{Urbanization, Urbanicity, and Health}},
volume = {79},
year = {2002}
}
@article{Kropp1998,
author = {Kropp, J},
file = {:home/kerryn/Documents/Work/PhDResearch/GeneralArticles/Kropp - 1998 - A neural network approach to the analysis of city systems - Applied Geography.pdf:pdf},
journal = {Applied Geography},
keywords = {city systems,kohonen},
number = {1},
pages = {83--96},
title = {{A neural network approach to the analysis of city systems}},
url = {https://www.sciencedirect.com/science/article/abs/pii/S0143622897000489},
volume = {18},
year = {1998}
}
@article{Crouch1977,
author = {Crouch, Dora P and Mundigo, Axel I},
file = {:home/kerryn/Documents/Work/PhDResearch/GeneralArticles/Crouch, Mundigo - 1977 - The City Planning Ordinances of the Laws of the Indies Revisited. Part II Three American Cities - The Town Plan.pdf:pdf},
journal = {The Town Planning Review},
number = {4},
pages = {397--418},
title = {{The City Planning Ordinances of the Laws of the Indies Revisited. Part II: Three American Cities}},
url = {https://www.jstor.org/stable/40103295},
volume = {48},
year = {1977}
}
@article{Chu2003,
author = {Chu, D A and Kaufman, Y J and Zibordi, G and Chern, J D and Mao, Jietai and Holben, B. N. and Li, Chengcai},
doi = {10.1029/2002JD003179},
file = {:home/kerryn/Documents/Work/PhDResearch/GeneralArticles/Chu et al. - 2003 - Global monitoring of air pollution over land from the Earth Observing System-Terra Moderate Resolution Imaging Spect.pdf:pdf},
journal = {Journal of Geophysical Research},
keywords = {doi:10.1029/2002JD003179,http://dx.doi.org/10.1029/2002JD003179},
number = {D21},
pages = {4661},
title = {{Global monitoring of air pollution over land from the Earth Observing System-Terra Moderate Resolution Imaging Spectroradiometer (MODIS)}},
volume = {108},
year = {2003}
}
@article{Levy2013,
author = {Levy, R C and Mattoo, S and Munchak, L A and Remer, L A and Sayer, A M and Patadia, F and Hsu, N C},
doi = {10.5194/amt-6-2989-2013},
file = {:home/kerryn/Documents/Work/PhDResearch/GeneralArticles/Levy et al. - 2013 - The Collection 6 MODIS aerosol products over land and ocean - Atmos. Meas. Tech.pdf:pdf},
journal = {Atmos. Meas. Tech.},
pages = {2989--3034},
title = {{The Collection 6 MODIS aerosol products over land and ocean}},
volume = {6},
year = {2013}
}
@article{Cleveland1990,
author = {Cleveland, R. B. and Cleveland, W. S. and McRae, J.E. and Terpenning, I.},
file = {:home/kerryn/Documents/Work/PhDResearch/GeneralArticles/Cleveland et al. - 1990 - STL A Seasonal-Trend Decomposition Procedure Based on LOESS - Journal of Official Statistics.pdf:pdf},
journal = {Journal of Official Statistics},
number = {1},
pages = {3--73},
title = {{STL: A Seasonal-Trend Decomposition Procedure Based on LOESS}},
volume = {6},
year = {1990}
}
@misc{RCoreTeam2015,
abstract = {R Core Team (2015). R: A language and environment for statistical computing. R Foundation for Statistical Computing, Vienna, Austria. URL: www.R-project.org.},
author = {{R Core Team}},
title = {{R: A language and environment for statistical computing. R Foundation for Statistical Computing, Vienna, Austria}},
url = {www.R-project.org},
year = {2015}
}
@incollection{Cleveland1992,
author = {Cleveland, W. S. and Grosse, E. and Shyu, W. M.},
booktitle = {Statistical Models},
chapter = {8},
editor = {Chambers, J.M. and Hastie, T.J.},
publisher = {Wadsworth {\&} Brooks/Cole},
title = {{Local regression models}},
year = {1992}
}
@article{Boersma2007a,
author = {Boersma, K. F. and Eskes, H. J. and Veefkind, J. P. and Brinksma, E. J. and van der A, R. J. and Sneep, M. and van der Oord, G. H. J. and Levelt, P. F. and Stammes, P. and Gleason, J. F. and Bucsela, E. J.},
journal = {Atmos. Chem. Phys.},
pages = {2103--2118},
title = {{Near-real time retrieval of tropospheric NO2 from OMI}},
volume = {7},
year = {2007}
}
@article{Middel2019,
author = {Middel, Ariane and Lukasczyk, Jonas and Zakrzewski, Sophie and Arnold, Michael and Maciejewski, Ross},
doi = {10.1016/j.landurbplan.2018.12.001},
file = {:home/kerryn/Documents/Work/PhDResearch/GeneralArticles/Middel et al. - 2019 - Urban form and composition of street canyons A human-centric big data and deep learning approach - Landscape and.pdf:pdf},
issn = {0169-2046},
journal = {Landscape and Urban Planning},
keywords = {Deep learning,Google Street View,Human-centric,Spherical fractions,Street canyon,Urban form and composition,urban form and composition},
pages = {122--132},
publisher = {Elsevier},
title = {{Urban form and composition of street canyons: A human-centric big data and deep learning approach}},
url = {https://doi.org/10.1016/j.landurbplan.2018.12.001},
volume = {183},
year = {2019}
}
@article{Middel2018,
author = {Middel, Ariane and Lukasczyk, Jonas and Maciejewski, Ross and Demuzere, Matthias and Roth, Matthias},
doi = {10.1016/j.uclim.2018.05.004},
file = {:home/kerryn/Documents/Work/PhDResearch/GeneralArticles/Middel et al. - 2018 - Sky View Factor Footprints for Urban Climate Modeling - Urban Climate.pdf:pdf},
issn = {22120955},
journal = {Urban Climate},
pages = {120--134},
publisher = {Elsevier},
title = {{Sky View Factor Footprints for Urban Climate Modeling}},
url = {https://www.sciencedirect.com/science/article/pii/S2212095518301883},
volume = {25},
year = {2018}
}
@article{Ewing2001,
author = {Ewing, R. and Cervero, Robert},
doi = {10.3141/1780-10},
isbn = {9780203136218},
issn = {0361-1981},
journal = {Transportation Research Record},
number = {Paper No. 01-3515},
pages = {87--114},
pmid = {21290547},
title = {{Travel and the built environment: a synthesis}},
volume = {1780},
year = {2001}
}
@article{Ewing2009a,
author = {Ewing, R. and Dumbaugh, E.},
doi = {10.1177/0885412209335553},
isbn = {0885-4122},
issn = {0885-4122},
journal = {Journal of Planning Literature},
keywords = {built environment,street design,traffic safety,urban sprawl},
number = {4},
pages = {347--367},
title = {{The Built Environment and Traffic Safety: A Review of Empirical Evidence}},
volume = {23},
year = {2009}
}
@article{Rayner2010a,
author = {Rayner, P J and Raupach, M R and Paget, M and Peylin, P and Koffi, E},
doi = {10.1029/2009JD013439},
isbn = {2156-2202},
issn = {0148-0227},
journal = {J. Geophys. Res.},
number = {D19},
pages = {D19306},
title = {{A new global gridded data set of CO2 emissions from fossil fuel combustion: Methodology and evaluation}},
volume = {115},
year = {2010}
}
@article{Asefi-Najafabad2014,
author = {Asefi-Najafabad, S. and Rayner, P J and Gurney, K R and Mcrobert, A and Song, Y and Coltin, K and Huang, J and Elvidge, C and Baugh, K},
doi = {10.1002/2013JD021296.Received},
isbn = {2169897X},
issn = {2169-8996},
journal = {Journal of Geophysical Research Atmospheres},
keywords = {10.1002/2013JD021296 and fossil fuel CO2 emissions,center of mass,data assimilation,global grid,nightlight remote sensing,recession},
number = {17},
pages = {10213--10231},
title = {{A multiyear, global gridded fossil fuel CO2 emission data product: Evaluation and analysis of results}},
volume = {119},
year = {2014}
}
@misc{ApacheCommons2019,
author = {{Apache Commons}},
publisher = {http://commons.apache.org/proper/commons-math/index.html},
url = {http://commons.apache.org/proper/commons-math/index.html},
title = {{Apache Commons Math}},
year = {2019}
}
@techreport{CIESIN2018,
author = {{Center for International Earth Science Information Network (CIESIN)}},
doi = {https://doi.org/10.7927/H45Q4T5F},
title = {{Documentation for the Gridded Population of the World, Version 4 (GPWv4), Revision 11 Data Sets}},
url = {https://doi.org/10.7927/H45Q4T5F},
year = {2018}
}
@article{Ewing2010,
author = {Ewing, Reid and Cervero, Robert},
doi = {10.1080/01944361003766766},
journal = {Journal of the American Planning Association},
pages = {265--294},
title = {{Travel and the Built Environment: A Meta-Analysis}},
url = {https://www.tandfonline.com/doi/abs/10.1080/01944361003766766},
volume = {4363},
year = {2010}
}

